<?xml version="1.0" encoding="UTF-8"?><collection xmlns="http://www.loc.gov/MARC21/slim"><record><leader>00534nam--2200193-i-4500</leader><controlfield tag="001">000001498</controlfield><controlfield tag="002">20161230</controlfield><controlfield tag="005">20161230201024</controlfield><controlfield tag="008">060222s1000------------r-----000-0-fre-d</controlfield><datafield ind1=" " ind2=" " tag="040"><subfield code="a">IFIN-HH</subfield></datafield><datafield ind1=" " ind2=" " tag="041"><subfield code="a">fre</subfield></datafield><datafield ind1=" " ind2=" " tag="080"><subfield code="a">539.2</subfield></datafield><datafield ind1="1" ind2=" " tag="100"><subfield code="a">Gauthe, Bernard</subfield></datafield><datafield ind1="1" ind2="0" tag="245"><subfield code="a">Les pertes d'energie caracteristiques des electrons dans les solides</subfield><subfield code="c">Bernard gauthe</subfield></datafield><datafield ind1=" " ind2=" " tag="260"><subfield code="a">Paris</subfield><subfield code="b">Gauthier-villars</subfield><subfield code="c">1968</subfield></datafield><datafield ind1=" " ind2=" " tag="300"><subfield code="a">VIII+72P</subfield></datafield><datafield ind1=" " ind2=" " tag="490"><subfield code="a">Monographies De Chimie Physique</subfield></datafield><datafield ind1=" " ind2=" " tag="852"><subfield code="a">29201</subfield><subfield code="c">539.2</subfield></datafield><datafield ind1=" " ind2=" " tag="CAT"><subfield code="a">Sys</subfield><subfield code="c">20121015</subfield><subfield code="h">135145</subfield></datafield></record></collection>